<record><leader>00000cas a22000007a 4500</leader><controlfield tag="001">27090556</controlfield><controlfield tag="008">921209d19391942miuer ne      0   a0eng d</controlfield><datafield ind1=" " ind2=" " tag="010"><subfield code="a">sn 92060603 </subfield></datafield><datafield ind1=" " ind2=" " tag="040"><subfield code="a">YOX</subfield><subfield code="b">eng</subfield><subfield code="c">YOX</subfield><subfield code="d">EYM</subfield><subfield code="d">NYS</subfield><subfield code="d">CNK</subfield><subfield code="d">NVF</subfield><subfield code="d">OCL</subfield><subfield code="d">OCLCQ</subfield><subfield code="d">OCLCF</subfield><subfield code="d">OCLCO</subfield></datafield><datafield ind1=" " ind2=" " tag="012"><subfield code="i">9502</subfield></datafield><datafield ind1="1" ind2=" " tag="029"><subfield code="a">AU@</subfield><subfield code="b">000020717480</subfield></datafield><datafield ind1=" " ind2=" " tag="042"><subfield code="a">msc</subfield></datafield><datafield ind1=" " ind2=" " tag="043"><subfield code="a">n-us-mi</subfield></datafield><datafield ind1=" " ind2=" " tag="090"><subfield code="a">HD6481.2.U6</subfield><subfield code="b">M53</subfield></datafield><datafield ind1="0" ind2="4" tag="245"><subfield code="a">The Michigan labor leader.</subfield></datafield><datafield ind1="3" ind2="0" tag="246"><subfield code="a">Labor leader</subfield></datafield><datafield ind1=" " ind2=" " tag="260"><subfield code="a">Detroit, Mich. :</subfield><subfield code="b">Association of Catholic Trade Unionists, Detroit Chapter,</subfield><subfield code="c">1939-1942.</subfield></datafield><datafield ind1=" " ind2=" " tag="300"><subfield code="a">v.</subfield></datafield><datafield ind1=" " ind2=" " tag="310"><subfield code="a">Biweekly</subfield></datafield><datafield ind1="0" ind2=" " tag="362"><subfield code="a">Vol. 1, no. 1 (Sept. 8, 1939)-v. 4, no. 5 (Mar. 13, 1942).</subfield></datafield><datafield ind1=" " ind2=" " tag="500"><subfield code="a">"Michigan's new Catholic labor paper."</subfield></datafield><datafield ind1=" " ind2="0" tag="650"><subfield code="a">Catholic labor unions</subfield><subfield code="z">Michigan</subfield><subfield code="v">Newspapers.</subfield></datafield><datafield ind1=" " ind2="0" tag="651"><subfield code="a">Detroit (Mich.)</subfield><subfield code="v">Newspapers.</subfield></datafield><datafield ind1=" " ind2="7" tag="655"><subfield code="a">Newspapers.</subfield><subfield code="2">fast</subfield><subfield code="0">(OCoLC)fst01423814</subfield></datafield><datafield ind1=" " ind2="7" tag="650"><subfield code="a">Catholic labor unions.</subfield><subfield code="2">fast</subfield><subfield code="0">(OCoLC)fst00849210</subfield></datafield><datafield ind1=" " ind2="7" tag="651"><subfield code="a">Michigan.</subfield><subfield code="2">fast</subfield><subfield code="0">(OCoLC)fst01208387</subfield></datafield><datafield ind1=" " ind2="7" tag="651"><subfield code="a">Michigan</subfield><subfield code="z">Detroit.</subfield><subfield code="2">fast</subfield><subfield code="0">(OCoLC)fst01205010</subfield></datafield><datafield ind1="2" ind2=" " tag="710"><subfield code="a">Association of Catholic Trade Unionists.</subfield><subfield code="b">Detroit Chapter.</subfield></datafield><datafield ind1=" " ind2=" " tag="752"><subfield code="a">United States</subfield><subfield code="b">Michigan</subfield><subfield code="c">Wayne</subfield><subfield code="d">Detroit.</subfield></datafield><datafield ind1="0" ind2="0" tag="785"><subfield code="t">Wage earner</subfield><subfield code="w">(DLC)sn 92060604</subfield><subfield code="w">(OCoLC)1769335</subfield></datafield><datafield ind1=" " ind2=" " tag="850"><subfield code="a">MiU</subfield></datafield></record>